<?xml version="1.0" encoding="UTF-8"?><collection xmlns="http://www.loc.gov/MARC21/slim"><record><leader>00587nam--2200193-i-4500</leader><controlfield tag="001">000008627</controlfield><controlfield tag="002">20161230</controlfield><controlfield tag="005">20161230201027</controlfield><controlfield tag="008">060222s1000------------r-----000-0-eng-d</controlfield><datafield ind1=" " ind2=" " tag="040"><subfield code="a">IFIN-HH</subfield></datafield><datafield ind1=" " ind2=" " tag="080"><subfield code="a">523.8</subfield></datafield><datafield ind1="1" ind2=" " tag="100"><subfield code="a">Burbidge, Geoffrey And Burbidge, Margaret</subfield></datafield><datafield ind1="1" ind2="0" tag="245"><subfield code="a">Quasi-stellar objects</subfield><subfield code="c">Geoffrey burbidge, margaret burbidge</subfield></datafield><datafield ind1=" " ind2=" " tag="260"><subfield code="a">San Francisco</subfield><subfield code="b">W.H.Freeman And Company</subfield><subfield code="c">1967</subfield></datafield><datafield ind1=" " ind2=" " tag="300"><subfield code="a">VIII + 235 P</subfield></datafield><datafield ind1=" " ind2=" " tag="490"><subfield code="a">A Series Of Books In Astronomy And Astrophysics</subfield></datafield><datafield ind1="1" ind2=" " tag="700"><subfield code="a">Burbidge, Margaret</subfield></datafield><datafield ind1=" " ind2=" " tag="852"><subfield code="a">29632</subfield><subfield code="c">521/522</subfield></datafield><datafield ind1=" " ind2=" " tag="CAT"><subfield code="a">Sys</subfield><subfield code="c">20130826</subfield><subfield code="h">145220</subfield></datafield></record></collection>